2898 4654
237 287 372 372 Hirr.
392 285 685 385 laceram·
708 283 819 372 Car.
841 285 945 369 XIV.
998 301 1068 401 ιι)

142 493 202 560 ret
309 468 474 578 'cunque‘
490 461 596 550 atati
621 461 747 570 tribui
793 461 858 550 Fit
874 493 968 553 vero
990 463 1069 552 hoc

142 611 184 672 m
238 609 284 689 03
299 578 467 690 exempli
489 575 642 692 gratia,
678 571 706 662 fr
731 578 912 689 puerulus
936 579 1078 688 aliquia.

125 699 294 799 'creetur
312 690 536 792 Diaconos,
565 715 655 774 cum
681 715 767 776 non
783 690 950 801 patiatur
977 707 1070 776 atas

141 804 249 894 rudis
265 797 473 890 admodum
494 799 686 884 &tenera
701 805 951 913 cumregulas
967 798 1072 888 ordi·

141 918 203 1006 nit
225 913 433 1029 perficere,
453 930 549 998 tunc
564 910 696 1021 aliquit
712 911 893 1024 exipsius
913 913 1079 1024 propria,

140 1029 247 1140 quis,
267 1023 344 1110 five
359 1043 492 1132 pater,
512 1017 590 1108 five
605 1037 737 1136 materf
739 1081 754 1126 ,
765 1022 984 1131 fidejussoris
1004 1051 1071 1110 ve·

137 1141 211 1226 luti
232 1141 322 1220 loco
345 1134 426 1218 illas
453 1133 494 1218 in
516 1131 666 1244 puer'uli
688 1141 855 1248 gratiam
874 1135 1072 1222 otrervare

138 1241 462 1347 debct‚donecsrt
476 1245 537 1340 ille
553 1246 832 1354 aliquantulum
851 1245 1077 1357 provectio,

138 1362 192 1448 ria
216 1357 348 1446 aetatis.
405 1353 572 1464 Regula
590 1351 743 1441 ,ordinis
769 1355 834 1440 har-
853 1359 971 1441 sunt:
1003 1361 1072 1442 Bis

138 1467 297 1592 fingulis
312 1459 617 1552 hebdomadibus
634 1470 813 1567 ieiunare,
821 1462 955 1549 diebus
965 1467 1072 1551 Mer*

141 1578 263 1678 curri,
292 1573 334 1660 δι
351 1572 517 1656 Venerii
537 1573 585 1660 ab
600 1573 779 1660 omnibus
804 1573 897 1660 cibis
921 1577 1072 1689 sangui-

139 1691 228 1779 neis
240 1687 283 1774 δι
298 1683 395 1772 lade
413 1681 618 1787 abstinere,
646 1681 958 1800 quadragesimali
975 1707 1072 1774 tem·

139 1829 235 1916 pore
252 1798 393 1907 jejunio
404 1792 453 1880 ad
469 1795 677 1882 serotinum
695 1823 816 1906 usque
823 1815 976 1909 tempus
986 1827 1072 1888 cor·

140 1940 214 2028 pus
239 1933 467 2008 macerare,
505 1908 560 1996 ita
583 1904 683 1992 festia
710 1903 844 1992 diebus
868 1907 1072 2020 Ecclesiam

141 2021 272 2124 adire,
289 2020 414 2131 ibique
432 2013 584 2104 Missam
607 2013 739 2104 audire
750 2048 763 2126 3
775 2015 952 2110 officium
968 2019 1071 2112 divi-

140 2163 241 2226 num
269 2152 363 2218 ante
385 2127 605 2216 Sacerdotis
641 2125 820 2224 ordinem
848 2135 944 2220 nulli
981 2163 1072 2222 erre-

139 2265 344 2360 quuntur,
373 2267 417 2324 ac
443 2240 528 2352 post
554 2237 776 2328 vicesimum
799 2245 980 2355 quintum
1003 2275 1073 2334 an-

140 2357 239 2444 num
274 2348 497 2438 Sacerdotes
535 2349 798 2453 ordinantur3
832 2355 897 2468 qui
919 2353 1074 2469 qriidem

142 2495 280 2558 omnes
305 2467 413 2576 supra
437 2465 566 2550 allatas
592 2466 756 2578 regulas.
773 2463 845 2577 ipsi
876 2487 1073 2584 coguntur

136 2582 352 2670 observare.
408 2577 490 2680 Qui
515 2599 609 2662 vero
633 2576 813 2689 recipitur
836 2579 881 2664 in
909 2581 1072 2692 majorae

141 2695 204 2776 vel
240 2693 417 2775 minores¹
439 2683 626 2786 ordines,
682 2686 749 2772 dat
783 2690 888 2797 prius
924 2721 1073 2784 nornen

138 2798 344 2888 Pontificio
361 2792 606 2894 ammonii,
624 2793 668 2882 dc
691 2797 896 2906 pecuniam
907 2789 1073 2915 aliquam

141 2905 369 3000 Patriarchae
388 2901 506 2992 tradit
532 2905 699 3016 (scilicet
717 2925 794 2992 tres
802 2903 979 2998 denarios
987 2940 1074 3000 mo·
1124 3000 1126 3008 ,

142 3041 246 3112 netae
262 3019 329 3105 An
359 3018 520 3128 licanae)
546 3044 592 3102 ac
611 3016 904 3105 consecrationis
920 3039 1073 3135 tempo—

141 3161 186 3220 re
216 3046 437 3229 Pontifex,
473 3127 523 3215 ad
549 3127 767 3217 Sanouarii
791 3137 947 3239 annam
969 3133 1072 3222 stant

145 3245 304 3355 capitlos
330 3248 410 3348 ejus
437 3237 643 3344 abscindit,
672 3241 716 3328 &
730 3242 846 3355 capiti
862 3269 983 3334 manu
998 3247 1074 3334 im.

144 3351 295 3468 posita,
326 3382 369 3436 ca
398 3351 545 3464 illisque
565 3351 726 3438 absciffis
747 3355 791 3440 in
820 3356 943 3443 crucis
968 3355 1072 3474 figit·
1101 3416 1104 3425 ι

135 3495 243 3567 ram,
259 3382 454 3551 benedcir
473 3468 526 3562 illi
538 3489 585 3562 ac
596 3467 819 3576 gratiorem
835 3463 947 3556 fimul
962 3465 1070 3582 quod

145 3580 189 3666 in
206 3571 546 3662 Ecclesiasticorum
573 3603 779 3662 numerum
803 3573 965 3666 adscitus
989 3578 1072 3670 frte·

146 3691 215 3776 rit:
243 3683 336 3772 inde
352 3685 394 3772 in
413 3683 682 3770 Sandararium
707 3687 749 3772 in
797 3683 1071 3804 editrrr,atque

145 3803 254 3914 super
276 3792 403 3892 sedem
430 3793 673 3912 pontificiam
697 3796 732 3884 sc
759 3819 800 3886 ct
836 3800 1071 3991 ministriqu?

164 3953 171 3963 ·
747 3944 749 3958 ’
1003 3938 1071 4021 rpr
