2934 4660
262 347 267 358 .
397 302 442 379 32
479 263 549 377 J'o.
575 277 778 354 Nrcotrr
804 278 989 354 arnor.
1014 293 1079 366 usn
1103 284 1256 361 Pnar.

393 477 475 553 pum
505 454 737 549 &Eusebium
760 457 948 552 Dorylaeum
983 475 1204 553 oppugnaret.
1253 457 1326 556 lpse

392 552 498 634 etiam
515 554 672 662 Eutyches
691 553 833 646 Dioscuri
848 555 1059 626 Alexandrini
1081 577 1187 648 opem
1199 559 1326 650 implo-

331 707 333 716 .
391 655 510 741 rabat,
534 673 592 722 cut
610 647 730 721 author
753 647 840 740 fuit,
865 671 903 723 ut
930 651 1110 746 synodum
1126 659 1327 750 ¹generalem

375 753 435 824 'ab
452 747 664 841 Imperatore
682 746 891 842 impetraret.
943 747 996 822 Hi
1014 753 1117 823 ambo
1133 754 1328 847 theodulum

389 845 654 942 persuasionibus
667 869 713 918 eo
730 845 869 918 tandem
889 846 1045 943 adigunt,
1076 870 1113 920 ut
1136 851 1236 923 aliam
1261 854 1327 946 Sy·
1392 905 1393 908 ,

390 943 519 1017 nodum
536 945 785 1032 meditaretur,
808 945 842 1015 in
859 967 924 1040 qua
941 947 1123 1044 Eutycbetis
1142 947 1178 1019 δι
1196 951 1328 1020 Flavia·

391 1048 426 1114 ni
456 1040 554 1116 causa
586 1041 778 1114 revidenda
815 1039 853 1113 δι
887 1042 1133 1123 realiumenda.
1186 1044 1327 1139 Insuper

304 1217 306 1222 ,
353 1221 355 1226 ,
389 1140 498 1214 etiam
527 1135 715 1212 institerunt
743 1135 910 1210 Dioscoro
931 1139 1039 1234 impio
1062 1140 1216 1230 homini,
1241 1142 1328 1214 sum-

392 1261 484 1311 mam
502 1237 570 1325 rei,
590 1235 757 1332 judicium
774 1232 812 1308 δι
827 1235 1008 1310 sententias
1020 1236 1156 1310 ferendi
1174 1243 1326 1337 impera·

328 1411 330 1416 ,
391 1334 481 1407 torio
505 1338 668 1407 mandato
691 1332 957 1406 committendas
983 1333 1051 1408 else
1066 1389 1078 1436 Ι,
1110 1337 1328 1432 eundemque

392 1433 535 1528 Synodo
566 1431 854 1528 premendum,
894 1432 1011 1527 cupias
1036 1431 1141 1505 etiam
1166 1433 1326 1505 militares

390 1528 597 1604 sufficientes
614 1528 807 1618 addendas,
832 1553 906 1627 quae
930 1531 1117 1602 secundum
1138 1554 1213 1603 rem
1234 1531 1325 1627 judi·

391 1648 505 1702 catam
523 1644 787 1724 exequerentur,
812 1629 904 1724 quod
921 1624 959 1701 δι
971 1627 1109 1702 fatuum.
1159 1630 1327 1722 Dioscorus

391 1726 597 1823 cognoscens
622 1723 843 1822 imperatoris
868 1727 979 1805 literas
1009 1727 1052 1799 ad
1080 1749 1199 1800 manus
1231 1725 1326 1808 elle..

387 1826 486 1920 jubet
500 1849 556 1898 eas
576 1825 722 1920 praelegi.
772 1823 932 1921 Praelegit
947 1849 1008 1898 eas
1022 1826 1206 1920 Johatmes:
1230 1843 1327 1897 tenor

392 1940 489 1994 extat
506 1919 545 1994 T.
566 1921 609 1994 ll.
635 1921 747 1995 Concil.
771 1920 842 1991 Aa.
865 1947 893 1992 r.
917 1945 989 2018 pag.
1011 1945 1066 1991 22.
1090 1921 1160 1994 &e
1212 1923 1326 1992 Mirus
1403 1933 1410 1956 ·

390 2017 448 2089 hic
479 2019 676 2112 promtius,
710 2017 795 2090 mira
830 2015 936 2086 facies
968 2017 1068 2109 hujus
1103 2013 1325 2110 conciliabuli.

390 2113 607 2189 Theodofius
627 2119 813 2210 imperator
828 2113 905 2208 lege
924 2111 1047 2184 sanxit:
1074 2115 1146 2216 Qui
1168 2133 1263 2186 antea
1273 2117 1326 2203 ju-

391 2217 472 2287 dices
499 2215 708 2310 religioflfflmi
728 2211 993 2283 Archimandritae
1018 2210 1198 2305 Eutychetis'
1212 2213 1326 2303 fuere,

391 2311 658 2410 ulfirntoquidem
673 2311 716 2390 ξεῖ
741 2324 887 2380 tarento:
905 2309 1061 2400 judicium
1080 2328 1185 2382 autem
1208 2311 1250 2390 &l
1273 2335 1325 2380 or·

390 2415 493 2480 dinem
509 2433 568 2478 non
580 2409 730 2491 habento,
747 2422 899 2476 'ceterum
914 2428 1100 2480 communem
1117 2409 1173 2480 SS.
1184 2407 1326 2478 Parrum

380 2503 572 2599 fintrntiam
588 2509 783 2593 exarmato,
811 2506 1055 2599 quandoquidem
1076 2497 1217 2582 derebus
1233 2507 1274 2572 ab
1282 2510 1327 2574 eis

292 2665 294 2670 .
381 2603 537 2694 judicaris
553 2621 632 2672 nunt
646 2601 803 2694 judicium
818 2606 934 2693 agitur.
977 2599 1102 2672 lisdem
1119 2597 1193 2670 fere
1211 2599 1326 2672 uerbis

390 2698 513 2794 Evagr.
529 2702 551 2772 l.
569 2699 598 2770 Ι.
614 2721 641 2771 t.
668 2719 720 2768 ro.
738 2719 767 2782 ρ.
785 2719 869 2789 729.
894 2693 1206 2790 Nirepb.'lib.XlV.
1225 2717 1252 2767 c.
1264 2720 1324 2789 47.

267 2875 272 2882 ,
392 2786 607 2893 Comparent
623 2793 843 2879 Eusebius&
863 2793 1056 2868 Flavianus.
1106 2793 1238 2866 Viturii
1254 2793 1325 2866 five

392 2893 520 2992 Legati
539 2893 679 2968 affidere
696 2893 776 2990 paffi
791 2914 859 2965 non
877 2890 959 2966 sunt.
987 2893 1131 2966 Liberat.
1154 2912 1223 2985 cap.
1241 2890 1323 2968 xu.

392 2999 573 3066 Flavianus
587 2992 817 3087 petiit‘lotum
838 2989 914 3062 dari
941 2989 1091 3061 Eusebio
1117 2988 1322 3075 accusatori,

391 3090 450 3163 sed
466 3090 618 3184 repulsus
630 3089 699 3174 eli,
728 3112 771 3161 eu
786 3089 830 3159 de
842 3087 963 3174 ¹eausa,
979 3085 1071 3181 quod
1088 3107 1159 3160 non
1174 3085 1257 3158 effer
1264 3109 1324 3180 pe·

393 3208 469 3261 tere
490 3186 613 3284 aliquid
631 3183 783 3257 Fla-viani
797 3183 855 3280 qui
875 3185 958 3257 olim
969 3184 1101 3280 judex,
1125 3183 1193 3256 huc
1208 3201 1324 3256 autern

391 3289 429 3360 in
453 3287 595 3380 Synodo
618 3280 777 3358 asfisteret
802 3299 838 3351 ut
857 3279 1059 3376 jttdicandus
1086 3303 1153 3354 una
1169 3303 1249 3354 cum
1263 3303 1325 3351 eo·
1442 3273 1443 3328 l

221 3459 236 3477 ,
270 3423 274 3428 ·
308 3401 312 3408 ’
393 3387 473 3458 dern
490 3380 653 3456 Eusebio..
674 3398 677 3408 ’
698 3377 874 3473 Eutyches
886 3377 1024 3474 jubetur
1038 3378 1124 3450 ndei
1137 3379 1209 3452 ‘sure
1232 3377 1326 3450 libel-

394 3485 462 3555 lum
489 3480 674 3566 exhibere,
700 3475 841 3570 Synodo
871 3476 1060 3572 praelegitur
1082 3477 1237 3572 publice,
1263 3476 1333 3546 ha·.
1442 3529 1443 3544 ,

392 3585 490 3654 betur
514 3577 609 3654 alt.
624 3580 744 3648 Concil.
758 3598 792 3668 p.
812 3595 869 3666 24.
896 3573 1008 3646 aaut
1029 3575 1169 3647 Chalrrd.
1197 3571 1327 3646 via&

393 3679 529 3771 Niceph.
543 3683 598 3750 lib.
614 3674 717 3746 xlv.
734 3696 760 3743 c.
778 3695 836 3765 47.
855 3673 902 3743 H.
923 3671 962 3741 Ε.
986 3669 1035 3744 Et
1052 3670 1131 3745 licet
1148 3674 1238 3743 bene
1261 3692 1324 3740 ex·
1415 3681 1423 3696 ·
1442 3683 1443 3756 ᾗ

264 3818 267 3824 ·
396 3775 527 3870 ciperet
553 3769 718 3844 Eusebius
742 3767 780 3842 &
802 3767 856 3840 alii
880 3767 1098 3858 Orthodorti‚
1124 3766 1262 3840 subdole
1286 3765 1326 3838 δι

394 3870 577 3952 truncatim
595 3867 775 3968 Eutychen·
799 3865 944 3942 Concilii
959 3865 1091 3942 Nicaeni
1114 3865 1220 3949 uerba
1238 3860 1327 4033 inis?-

1219 3982 1269 4033 rur
1298 3985 1320 4034 e
